@article{daudin2008mixture,
  title={A mixture model for random graphs},
  author={Daudin, J-J and Picard, Franck and Robin, St{\'e}phane},
  journal={Statistics and computing},
  volume={18},
  number={2},
  pages={173--183},
  year={2008},
  publisher={Springer}
}