@article{dudin,
  title={A mixture model for random graphs},
  author={Daudin, J-J and Picard, Franck and Robin, St{\'e}phane},
  journal={Statistics and computing},
  volume={18},
  number={2},
  pages={173--183},
  year={2008},
  publisher={Springer}
}

@article{mixMember,
  title={Mixed membership stochastic blockmodels},
  author={Airoldi, Edoardo M and Blei, David M and Fienberg, Stephen E and Xing, Eric P},
  journal={Journal of Machine Learning Research},
  volume={9},
  number={Sep},
  pages={1981--2014},
  year={2008}
}

@article{peix,
  title={Nonparametric weighted stochastic block models},
  author={Peixoto, Tiago P},
  journal={Physical Review E},
  volume={97},
  number={1},
  pages={012306},
  year={2018},
  publisher={APS}
}

@article{aicher,
  title={Learning latent block structure in weighted networks},
  author={Aicher, Christopher and Jacobs, Abigail Z and Clauset, Aaron},
  journal={Journal of Complex Networks},
  volume={3},
  number={2},
  pages={221--248},
  year={2014},
  publisher={Oxford University Press}
}

@inproceedings{vBayes,
  title={A variational baysian framework for graphical models},
  author={Attias, Hagai},
  booktitle={Advances in neural information processing systems},
  pages={209--215},
  year={2000}
}

@article{degreeCorrect,
  title={Stochastic blockmodels and community structure in networks},
  author={Karrer, Brian and Newman, Mark EJ},
  journal={Physical Review E},
  volume={83},
  number={1},
  pages={016107},
  year={2011},
  publisher={APS}
}

@article{LA,
  title={Overlapping stochastic block models with application to the french political blogosphere},
  author={Latouche, Pierre and Birmel{\'e}, Etienne and Ambroise, Christophe},
  journal={The Annals of Applied Statistics},
  pages={309--336},
  year={2011},
  publisher={JSTOR}
}

@article{jakk,
  title={10 tutorial on variational approximation methods},
  author={Jaakkola, T},
  journal={Advanced mean field methods: theory and practice},
  pages={129},
  year={2001}
}

@article{comp,
  title={Comparative study for inference of hidden classes in stochastic block models},
  author={Zhang, Pan and Krzakala, Florent and Reichardt, J{\"o}rg and Zdeborov{\'a}, Lenka},
  journal={Journal of Statistical Mechanics: Theory and Experiment},
  volume={2012},
  number={12},
  pages={P12021},
  year={2012},
  publisher={IOP Publishing}
}

@inproceedings{belief,
  title={Loopy belief propagation for approximate inference: An empirical study},
  author={Murphy, Kevin P and Weiss, Yair and Jordan, Michael I},
  booktitle={Proceedings of the Fifteenth conference on Uncertainty in artificial intelligence},
  pages={467--475},
  year={1999},
  organization={Morgan Kaufmann Publishers Inc.}
}

@article{muchacommunity,
  title={Community structure in time-dependent, multiscale, and multiplex networks},
  author={Mucha, Peter J and Richardson, Thomas and Macon, Kevin and Porter, Mason A and Onnela, Jukka-Pekka},
  journal={science},
  volume={328},
  number={5980},
  pages={876--878},
  year={2010},
  publisher={American Association for the Advancement of Science}
}

@article{fortu1,
  title={Community detection algorithms: a comparative analysis},
  author={Lancichinetti, Andrea and Fortunato, Santo},
  journal={Physical review E},
  volume={80},
  number={5},
  pages={056117},
  year={2009},
  publisher={APS}
}

@article{fortu2,
  title={Community detection in networks: A user guide},
  author={Fortunato, Santo and Hric, Darko},
  journal={Physics Reports},
  volume={659},
  pages={1--44},
  year={2016},
  publisher={Elsevier}
}

@article{shaicase,
  title={Case studies in network community detection},
  author={Shai, Saray and Stanley, Natalie and Granell, Clara and Taylor, Dane and Mucha, Peter J},
  journal={arXiv preprint arXiv:1705.02305},
  year={2017}
}

@article{newman2006modularity,
  title={Modularity and community structure in networks},
  author={Newman, Mark EJ},
  journal={Proceedings of the national academy of sciences},
  volume={103},
  number={23},
  pages={8577--8582},
  year={2006},
  publisher={National Acad Sciences}
}

@article{benderCanfield,
  title={The asymptotic number of labeled graphs with given degree sequences},
  author={Bender, Edward A and Canfield, E Rodney},
  journal={Journal of Combinatorial Theory, Series A},
  volume={24},
  number={3},
  pages={296--307},
  year={1978},
  publisher={Elsevier}
}

@article{newmangirvan,
  title={Finding and evaluating community structure in networks},
  author={Newman, Mark EJ and Girvan, Michelle},
  journal={Physical review E},
  volume={69},
  number={2},
  pages={026113},
  year={2004},
  publisher={APS}
}

@article{resParam,
  title={Statistical mechanics of community detection},
  author={Reichardt, J{\"o}rg and Bornholdt, Stefan},
  journal={Physical Review E},
  volume={74},
  number={1},
  pages={016110},
  year={2006},
  publisher={APS}
}

@article{blondel,
  title={Fast unfolding of communities in large networks},
  author={Blondel, Vincent D and Guillaume, Jean-Loup and Lambiotte, Renaud and Lefebvre, Etienne},
  journal={Journal of statistical mechanics: theory and experiment},
  volume={2008},
  number={10},
  pages={P10008},
  year={2008},
  publisher={IOP Publishing}
}

@article{hierarchicalMod,
  title={Hierarchical modularity in human brain functional networks},
  author={Meunier, David and Lambiotte, Renaud and Fornito, Alex and Ersche, Karen D and Bullmore, Edward T},
  journal={Frontiers in neuroinformatics},
  volume={3},
  year={2009},
  publisher={Frontiers Media SA}
}

@inproceedings{browet,
  title={Community Detection for Hierarchical Image Segmentation.},
  author={Browet, Arnaud and Absil, Pierre-Antoine and Van Dooren, Paul},
  booktitle={IWCIA},
  volume={11},
  pages={358--371},
  year={2011},
  organization={Springer}
}

@article{originalSBM,
  title={Estimation and prediction for stochastic blockmodels for graphs with latent block structure},
  author={Snijders, Tom AB and Nowicki, Krzysztof},
  journal={Journal of classification},
  volume={14},
  number={1},
  pages={75--100},
  year={1997},
  publisher={Springer}
}

@inproceedings{affil,
  title={Community-affiliation graph model for overlapping network community detection},
  author={Yang, Jaewon and Leskovec, Jure},
  booktitle={Data Mining (ICDM), 2012 IEEE 12th International Conference on},
  pages={1170--1175},
  year={2012},
  organization={IEEE}
}

@inproceedings{deepWalk,
  title={Deepwalk: Online learning of social representations},
  author={Perozzi, Bryan and Al-Rfou, Rami and Skiena, Steven},
  booktitle={Proceedings of the 20th ACM SIGKDD international conference on Knowledge discovery and data mining},
  pages={701--710},
  year={2014},
  organization={ACM}
}

@article{kMean,
  title={Algorithm AS 136: A k-means clustering algorithm},
  author={Hartigan, John A and Wong, Manchek A},
  journal={Journal of the Royal Statistical Society. Series C (Applied Statistics)},
  volume={28},
  number={1},
  pages={100--108},
  year={1979},
  publisher={JSTOR}
}

@article{rWalk,
  title={Random walks on complex networks},
  author={Noh, Jae Dong and Rieger, Heiko},
  journal={Physical review letters},
  volume={92},
  number={11},
  pages={118701},
  year={2004},
  publisher={APS}
}

@article{gleichpagerank,
  title={PageRank beyond the Web},
  author={Gleich, David F},
  journal={SIAM Review},
  volume={57},
  number={3},
  pages={321--363},
  year={2015},
  publisher={SIAM}
}

@article{word2Vec,
  title={Efficient estimation of word representations in vector space},
  author={Mikolov, Tomas and Chen, Kai and Corrado, Greg and Dean, Jeffrey},
  journal={arXiv preprint arXiv:1301.3781},
  year={2013}
}

@inproceedings{node2vec,
  title={node2vec: Scalable feature learning for networks},
  author={Grover, Aditya and Leskovec, Jure},
  booktitle={Proceedings of the 22nd ACM SIGKDD international conference on Knowledge discovery and data mining},
  pages={855--864},
  year={2016},
  organization={ACM}
}

@article{homophily,
  title={Origins of homophily in an evolving social network},
  author={Kossinets, Gueorgi and Watts, Duncan J},
  journal={American journal of sociology},
  volume={115},
  number={2},
  pages={405--450},
  year={2009},
  publisher={The University of Chicago Press}
}

@article{structural,
  title={Structural equivalence of individuals in social networks},
  author={Lorrain, Francois and White, Harrison C},
  journal={The Journal of mathematical sociology},
  volume={1},
  number={1},
  pages={49--80},
  year={1971},
  publisher={Taylor \& Francis}
}

@article{immuneClock,
  title={An immune clock of human pregnancy},
  author={Aghaeepour, Nima and Ganio, Edward A and Mcilwain, David and Tsai, Amy S and Tingle, Martha and Van Gassen, Sofie and Gaudilliere, Dyani K and Baca, Quentin and McNeil, Leslie and Okada, Robin and others},
  journal={Science immunology},
  volume={2},
  number={15},
  pages={eaan2946},
  year={2017},
  publisher={Science Immunology}
}

@article{cytof,
  title={A deep profiler's guide to cytometry},
  author={Bendall, Sean C and Nolan, Garry P and Roederer, Mario and Chattopadhyay, Pratip K},
  journal={Trends in immunology},
  volume={33},
  number={7},
  pages={323--332},
  year={2012},
  publisher={Elsevier}
}